@inproceedings{Nash1989:sw-emulator,
	author = {Henry Nash},
	title = {The design and development of a software emulator},
	date = {1989},
	booktitle = {Digest of Papers},
	eventtitle = {Thirty-Fourth IEEE Computer Society International Conference: Intellectual Leverage},
	eventdate = {1989-02-27},
	publisher = {Institute of Electrical and Electronics Engineers},
	location = {San Francisco, CA, USA},
	isbn = {0-8186-1909-0},
	url = {https://ieeexplore.ieee.org/stamp/stamp.jsp?tp=&arnumber=301943},
	urldate = {2023-05-04},
	doi = {10.1109/CMPCON.1989.301943}
}