
@book{Zacharova2012:psychologie,
	author = {Eva Zacharová},
	title = {Základy obecné psychologie},
	date = {2012},
	edition = {Vydání první},
	publisher = {Ostravská univerzita v Ostravě},
	location = {Ostrava},
	isbn = {978-80-7464-221-0},
	url = {https://projekty.osu.cz/svp/opory/lf-zacharova-zaklady-obecne-psychologie.pdf},
	urldate = {2023-03-11},
}

@misc{Kubatova2019:src-modely,
	author = {Hana Kubátová},
	title = {Systémy reálného času},
	date = {2019},
	subtitle = {Realita, návrhová omezení.
	Globální čas.},
	howpublished = {online},
	organization = {Czech Technical University in Prague},
	urldate = {2023-03-11},
}

@book{Teuscher2003:turing,
	title     = "Alan Turing: Life and legacy of a great thinker",
	editor    = "Christof Teuscher",
	publisher = "Springer",
	edition   =  1,
	month     =  listopad,
	year      =  2003,
	location   = "Berlin, Germany",
	language  = "en",
	isbn = {978-3-540-20020-8}
}

 @misc{ Wikipedia:emulator,
	author = "Wikipedie",
	title = "Emulátor --- Wikipedie: Otevřená encyklopedie",
	year = "2022",
	url = "https://cs.wikipedia.org/w/index.php?title=Emul%C3%A1tor&oldid=21188894",
	note = "[Online; navštíveno 12. 03. 2023]"
}

@online{FulberGarcia2022:simulation-emulation,
author = {Vinicius Fulber-Garcia},
title = {Differences Between Simulation and Emulation},
date = {2022-12-16},
url = {https://www.baeldung.com/cs/simulation-vs-emulation},
organization = {Baeldung},
urldate = {2023-03-12},
}


@book{Kubatova2018:SAP,
	author = {Hana Kubátová},
	title = { Struktura a architektura počítačů s řešenými příklady},
	date = {2018-04-11},
	edition = {Vyd. 2.},
	publisher = {ČVUT},
	location = {Praha},
	isbn = {978-80-01-06410-8},
}
